@book{AnIntroductionToAlgebraicTopologyJosephJRotman,
Author = {Joseph J. Rotman},
Title = {An Introduction to Algebraic Topology},
Year = {1984},
isbn = {978-1-4612-4576-6}
}